@article{aitken1,
  title     =  {1. Fundamentals of Probability and Statistical Evidence in Criminal Proceedings},
  author    = {C. Aitken, G. Jackson, P. Roberts},
  journal   = {Guidance for Judges, Lawyers, Forensic Scientists and Expert Witnesse, Communicating and Interpreting Statistical Evidence in the Administration of Criminal Justice},
  year      = {2010},
  number    = {/},
  pages     = {/},
  publisher = {/},
  volume    = {/}
}



